@book{koza92,
		author    = "Koza, John R.",
		title     = "Genetic Programming: On the Programming of Computers by Means of Natural Selection",
		publisher = "MIT Press",
		year      = "1992"
}


@misc{ wiki:latex,
       author = "Wikipedia",
       title = "LaTeX --- Wikipedia{,} La enciclopedia libre",
       year = "2015",
       url = "https://es.wikipedia.org/w/index.php?title=LaTeX&oldid=84209252",
       note = "[Internet; descargado 30-septiembre-2015]"
}

@misc{crue2020,
  title = {Directrices para la Sostenibilidad Ambiental de la Universidad en el Siglo XXI},
  author = {CRUE Universidades Españolas},
  year = {2020},
  howpublished = {\url{https://www.crue.org/wp-content/uploads/2020/02/Directrices_Sosteniblidad_Crue2012.pdf}},
  note = {Accessed: 2024-06-16}
}

@misc{unity,
  title = {Unity Documentation},
  author = {Unity Technologies},
  year = {2024},
  howpublished = {\url{https://docs.unity3d.com/}}
}

@misc{salario,
    title = {Sueldo del Programador en España},
    author = {Jobted},
    year = {2024},
    howpublished = {\url{https://www.jobted.es/salario/programador}},
    note = {Accessed: 2024-06-16}
}

@misc{portatil,
    title = {Overview Raider GE66 12UH},
    author = {MSI},
    year = {2024},
    howpublished = {\url{https://www.msi.com/Laptop/Raider-GE66-12UH}},
    note = {Accessed: 2024-06-16}
}


@misc{windows,
    title = {Buy and Download Windows 11 Pro},
    author = {Microsoft},
    year = {2024},
    howpublished = {\url{https://www.microsoft.com/en-us/d/windows-11-pro/dg7gmgf0d8h4}},
    note = {Accessed: 2024-06-16}
}


@misc{licencia1,
    title = {APACHE LICENSE, VERSION 2.0},
    author = {Apache},
    year = {2024},
    howpublished = {\url{https://www.apache.org/licenses/LICENSE-2.0.html}},
    note = {Accessed: 2024-06-16}
}
@misc{licencia2,
    title = {The 3-Clause BSD License},
    author = {Open Source Iniciative},
    year = {2024},
    howpublished = {\url{https://opensource.org/license/BSD-3-clause}},
    note = {Accessed: 2024-06-16}
}


@book{mvc,
    author = {Martin Fowler},
    title = { Patterns of enterprise application architecture},
    publisher = {Addison-Wesley},
    year = {2012},
note = {Can be accessed online via \href{https://books.google.com/books?hl=es&lr=&id=vqTfNFDzzdIC&oi=fnd&pg=PR7&dq=%22Patterns+of+Enterprise+Application+Architecture%22+por+Martin+Fowle&ots=oVBgAvHOnB&sig=CGKN2kSY1u1Bwo9aQdDC5NNSPik}{Google Books}.}
}

@misc{seguridadsocial,
  title = {Cotización y Recaudación de Trabajadores},
  author = {Seguridad Social},
  year = {2024},
  howpublished = {\url{https://www.seg-social.es/wps/portal/wss/internet/Trabajadores/CotizacionRecaudacionTrabajadores/36537}}
}

@misc{strategyPattern,
  title = {Patrón de Diseño Estrategia},
  author = {Refactoring Guru},
  year = {2024},
  howpublished = {\url{https://refactoring.guru/es/design-patterns/strategy}},
  note = {Accessed: 2024-06-16}
}

@misc{templateMethodPattern,
  title = {Patrón de Diseño Método Plantilla},
  author = {Refactoring Guru},
  year = {2024},
  howpublished = {\url{https://refactoring.guru/es/design-patterns/template-method}}
}

@misc{solidOpenClosed,
  title = {The Open/Closed Principle},
  author = {TRBL Services},
  year = {2024},
  howpublished = {\url{https://trbl-services.eu/blog-solid-open-closed/}}
}

@misc{liskovSubstitutionPrinciple,
  title = {¿Qué es el principio de sustitución de Liskov?},
  author = {KeepCoding},
  year = {2024},
  howpublished = {\url{https://keepcoding.io/blog/que-es-el-principio-de-sustitucion-de-liskov/}}
}

@misc{wslContainers,
  title = {Uso de contenedores de Docker en WSL 2},
  author = {Microsoft},
  year = {2024},
  howpublished = {\url{https://learn.microsoft.com/es-es/windows/wsl/tutorials/wsl-containers}},
  note = {Accessed: 2024-06-16}
}






