

@misc{ wiki:latex,
       author = "Wikipedia",
       title = "LaTeX --- Wikipedia{,} La enciclopedia libre",
       year = "2015",
       url = "https://es.wikipedia.org/w/index.php?title=LaTeX&oldid=84209252"
}


@article{bortolot2005,
  title={Estimating forest biomass using small footprint LiDAR data: An individual tree-based approach that incorporates training data},
  author={Bortolot, Zachary J and Wynne, Randolph H},
  journal={ISPRS Journal of Photogrammetry and Remote Sensing},
  volume={59},
  number={6},
  pages={342--360},
  year={2005},
  publisher={Elsevier}
}

@misc{ DunGen,
       author = "Nick S",
       title = "DunGen",
       URL = {https://dungen.app/dungen/},
        howpublished = {\url{https://dungen.app/dungen/}},
       note = "[Internet; Accedido el 31 de marzo de 2022]"
}

@misc{ Donjon,
       title = "Donjon",
       URL = {https://donjon.bin.sh/d20/dungeon/},
        howpublished = {\url{https://donjon.bin.sh/d20/dungeon/}},
       note = "[Internet; Accedido el 1 de mayo de 2022]"
}
@misc{ Endlessrpg,
       title = "Endlessrpg",
        howpublished = {\url{https://store.steampowered.com/app/1268380/Endless_RPG_Random_Dungeon_Map_Generator_for_DD_5e/}},
       note = "[Internet; Accedido el 1 de mayo de 2022]"
}

@misc{ DungeonMaker,
       title = "DungeonMaker",
       URL = {https://store.steampowered.com/app/1851790/Dungeon_Maker/},
       note = "[Internet; Accedido el 1 de mayo de 2022]"
}

@misc{ itchio,
       title = "itchio",
       URL = {https://itch.io/},
        howpublished = {\url{https://itch.io/}},
       note = "[Internet; Accedido el 1 de mayo de 2022]"
}

@book{proceduralgenbooknoor,
  title={Procedural Content Generation in Games},
  author={Shaker, Noor and Togelius, Julian and Nelson, Mark J.},
  year={2016},
  publisher={Springer}
}

@misc{vscode,
  title = {Visual Studio Code Documentation},
  author = {Microsoft},
  year = {2024},
  howpublished = {\url{https://code.visualstudio.com/docs}},
}

@misc{visualstudio,
  title = {Visual Studio: IDE and Code Editor for Software Developers and Teams},
  howpublished = {\url{https://visualstudio.microsoft.com}},
}

@misc{uvicorn2024,
  title = {Uvicorn Documentation},
  author = {Uvicorn Team},
  year = {2024},
  howpublished = {\url{https://www.uvicorn.org/}},
}

@misc{fastapi,
  title = {FastAPI Documentation},
  author = {Sebastián Ramírez},
  year = {2024},
  howpublished = {\url{https://fastapi.tiangolo.com/}},
}

@misc{docker,
  title = {Docker Documentation},
  author = {Docker, Inc.},
  year = {2024},
  howpublished = {\url{https://docs.docker.com/}},
}

@misc{devcontainers,
  title = {DevContainers Documentation},
  author = {Microsoft},
  year = {2024},
  howpublished = {\url{https://code.visualstudio.com/docs/remote/containers}},
}

@misc{unity,
  title = {Unity Documentation},
  author = {Unity Technologies},
  year = {2024},
  howpublished = {\url{https://docs.unity3d.com/}}
}

@misc{git,
  title = {Git Documentation},
  author = {The Git Project},
  year = {2024},
  howpublished = {\url{https://git-scm.com/doc}}
}

@misc{gitbash,
  title = {Git Bash Documentation},
  author = {The Git Project},
  year = {2024},
  howpublished = {\url{https://gitforwindows.org/}}
}

@misc{UnityGameObject,
  author       = {Unity Technologies},
  title        = {GameObject},
  howpublished = {\url{https://docs.unity3d.com/ScriptReference/GameObject.html}},
  year         = {n.d.}
}

@misc{mongodb,
  title = {MongoDB Documentation},
  author = {MongoDB, Inc.},
  year = {2024},
  howpublished = {\url{https://www.mongodb.com/docs/}}
}

@misc{overleaf,
    author    = {Overleaf},
    title     = {Learn Overleaf - Online LaTeX Editor},
    howpublished = {\url{https://www.overleaf.com/learn}},
    year      = {2024}
}

@misc{beanie,
  title = {Beanie Documentation},
  author = {Roman Right},
  year = {2024},
  howpublished = {\url{https://roman-right.github.io/beanie/}}
}

@misc{python,
  title = {Python Documentation},
  author = {Python Software Foundation},
  year = {2024},
  howpublished = {\url{https://docs.python.org/3/}}
}

@misc{csharp,
  title = {C\# Documentation},
  author = {Microsoft},
  year = {2024},
  howpublished = {\url{https://docs.microsoft.com/en-us/dotnet/csharp/}}
}

@misc{scrum,
  title = {Scrum Guide},
  author = {Ken Schwaber and Jeff Sutherland},
  year = {2024},
  howpublished = {\url{https://scrumguides.org/scrum-guide.html}}
}

@misc{jira,
  title = {Jira Software Documentation},
  author = {Atlassian},
  year = {2024},
  howpublished = {\url{https://www.atlassian.com/software/jira}}
}

@misc{pydantic,
  title = {Pydantic Documentation},
  author = {Samuel Colvin},
  year = {2024},
  howpublished = {\url{https://docs.pydantic.dev/}}
}

@misc{jupyter,
  title = {Jupyter Notebook Documentation},
  author = {Project Jupyter},
  year = {2024},
  howpublished = {\url{https://jupyter.org/}}
}

@misc{unitymesh,
  title = {Unity Mesh Documentation},
  author = {Unity Technologies},
  year = {2024},
  howpublished = {\url{https://docs.unity3d.com/Manual/CreatingMeshes.html}}
}

@misc{unityplayerprefs,
  title = {Unity PlayerPrefs Documentation},
  author = {Unity Technologies},
  year = {2024},
  howpublished = {\url{https://docs.unity3d.com/ScriptReference/PlayerPrefs.html}}
}

@misc{mazegenerator,
  title = {Maze Generator},
  author = {Maze Generator},
  year = {2024},
  howpublished = {\url{https://www.mazegenerator.net/}}
}

@article{MazeGenAnalysis,
  title = {An Extensive Comparative Analysis on Different Maze Generation Algorithms},
  author = {Deepak Mane and Rajat Harne and Tanmay Pol and Rashmi Asthagi and Sandip Shine and Bhushan Zope},
  journal = {International Journal of Intelligent Systems and Applications in Engineering}
}

@inproceedings{cellularAutomata,
    author    = {Nurul Fauzia and Dedi Rohendi and Lala Septem Riza},
    title     = {Implementation of the Cellular Automata Algorithm for Developing an Educational Game},
    booktitle = {2016 2nd International Conference on Science in Information Technology (ICSITech)},
    year      = {2016},
    pages     = {169-174},
    publisher = {IEEE},
    doi       = {10.1109/ICSITech.2016.7852628},
    howpublished = {\url{https://ieeexplore.ieee.org/abstract/document/7852628}}
}

@misc{wikipediaMazeGeneration,
  title = {Maze Generation Algorithm},
  author = {Wikipedia contributors},
  year = {2024},
  howpublished = {\url{https://en.wikipedia.org/wiki/Maze_generation_algorithm}},
  note = {Accessed: 2024-06-16}
}

@misc{wikipediaPerlin,
  title = {Ruido Perlin},
  author = {Wikipedia contributors},
  year = {2024},
  howpublished = {\url{https://es.wikipedia.org/wiki/Ruido_Perlin}},
  note = {Accessed: 2024-06-16}
}
